<record><leader>00000cas a2200000   4500</leader><controlfield tag="001">22620094</controlfield><controlfield tag="007">hd afb---baca</controlfield><controlfield tag="008">901102d17661776nyucr nea     0    0eng c</controlfield><datafield ind1=" " ind2=" " tag="010"><subfield code="a">  2017260254</subfield></datafield><datafield ind1=" " ind2=" " tag="040"><subfield code="a">GUA</subfield><subfield code="b">eng</subfield><subfield code="c">GUA</subfield><subfield code="d">OCL</subfield><subfield code="d">ORU</subfield><subfield code="d">OCLCG</subfield><subfield code="d">OCLCQ</subfield><subfield code="d">OCLCA</subfield><subfield code="d">OCLCQ</subfield><subfield code="d">OCLCO</subfield><subfield code="d">OCLCA</subfield><subfield code="d">OCLCF</subfield><subfield code="d">OCLCQ</subfield><subfield code="d">ORU</subfield></datafield><datafield ind1=" " ind2=" " tag="042"><subfield code="a">pcc</subfield></datafield><datafield ind1=" " ind2=" " tag="043"><subfield code="a">n-us-va</subfield></datafield><datafield ind1=" " ind2="4" tag="050"><subfield code="a">F221</subfield><subfield code="b">.V78</subfield></datafield><datafield ind1="0" ind2=" " tag="130"><subfield code="a">Virginia gazette (Williamsburg, Va. : 1766)</subfield></datafield><datafield ind1="1" ind2="4" tag="245"><subfield code="a">The Virginia gazette.</subfield></datafield><datafield ind1=" " ind2=" " tag="260"><subfield code="a">Williamsburg, Va. :</subfield><subfield code="b">William Rind,</subfield><subfield code="c">1766-</subfield></datafield><datafield ind1=" " ind2=" " tag="300"><subfield code="a">volumes</subfield></datafield><datafield ind1=" " ind2=" " tag="310"><subfield code="a">Semiweekly,</subfield><subfield code="b">Dec. 6, 1775-&lt;Feb. 3, 1776&gt;</subfield></datafield><datafield ind1=" " ind2=" " tag="321"><subfield code="a">Weekly,</subfield><subfield code="b">&lt;Nov. 27, 1766&gt;-Nov. 30, 1775</subfield></datafield><datafield ind1=" " ind2=" " tag="336"><subfield code="a">text</subfield><subfield code="b">txt</subfield><subfield code="2">rdacontent</subfield></datafield><datafield ind1=" " ind2=" " tag="337"><subfield code="a">microform</subfield><subfield code="b">h</subfield><subfield code="2">rdamedia</subfield></datafield><datafield ind1=" " ind2=" " tag="338"><subfield code="a">microfilm reel</subfield><subfield code="b">hd</subfield><subfield code="2">rdacarrier</subfield></datafield><datafield ind1="1" ind2=" " tag="362"><subfield code="a">Began in 1766; ceased in 1776.</subfield></datafield><datafield ind1=" " ind2=" " tag="500"><subfield code="a">"Open to all parties, but influenced by none."</subfield></datafield><datafield ind1=" " ind2=" " tag="500"><subfield code="a">Publishers: Clementina Rind, Aug. 26, 1773-Sept. 22, 1774; John Pinkney, Sept. 29, 1774-&lt;Feb. 3, 1776&gt;</subfield></datafield><datafield ind1=" " ind2=" " tag="525"><subfield code="a">Has occasional supplements.</subfield></datafield><datafield ind1=" " ind2=" " tag="588"><subfield code="a">Description based on: No. 29 (Nov. 27, 1766).</subfield></datafield><datafield ind1=" " ind2=" " tag="588"><subfield code="a">Latest issue consulted: No. 507 (Feb. 3, 1776).</subfield></datafield><datafield ind1=" " ind2=" " tag="533"><subfield code="a">Microfilm.</subfield><subfield code="c">no. 29-507 (1766-1776):[Gaps]</subfield><subfield code="b">Williamsburg, Va. :</subfield><subfield code="c">Institute for Early American History and Culture ;</subfield><subfield code="b">New York :</subfield><subfield code="c">Recordak Corp.,</subfield><subfield code="d">1950.</subfield><subfield code="e">5 microfilm reels ; 35 mm.</subfield><subfield code="n">Filmed with: Virginia gazette (Williamsburg, Va. : 1736), and: Virginia gazette (Williamsburg, Va. : 1775).</subfield></datafield><datafield ind1=" " ind2="0" tag="650"><subfield code="a">Women publishers</subfield><subfield code="z">Virginia</subfield><subfield code="v">Newspapers.</subfield></datafield><datafield ind1=" " ind2="0" tag="651"><subfield code="a">Williamsburg (Va.)</subfield><subfield code="v">Newspapers.</subfield></datafield><datafield ind1=" " ind2="7" tag="650"><subfield code="a">Women publishers.</subfield><subfield code="2">fast</subfield><subfield code="0">(OCoLC)fst01178443</subfield></datafield><datafield ind1=" " ind2="7" tag="651"><subfield code="a">Virginia.</subfield><subfield code="2">fast</subfield><subfield code="0">(OCoLC)fst01204597</subfield></datafield><datafield ind1=" " ind2="7" tag="651"><subfield code="a">Virginia</subfield><subfield code="z">Williamsburg.</subfield><subfield code="2">fast</subfield><subfield code="0">(OCoLC)fst01205036</subfield></datafield><datafield ind1=" " ind2="7" tag="655"><subfield code="a">Newspapers.</subfield><subfield code="2">fast</subfield><subfield code="0">(OCoLC)fst01423814</subfield></datafield><datafield ind1="1" ind2=" " tag="700"><subfield code="a">Rind, William,</subfield><subfield code="d">1733-1773.</subfield></datafield><datafield ind1="1" ind2=" " tag="700"><subfield code="a">Rind, Clementina,</subfield><subfield code="d">-1774.</subfield></datafield><datafield ind1="1" ind2=" " tag="700"><subfield code="a">Pinckney, John,</subfield><subfield code="d">-1777.</subfield></datafield><datafield ind1=" " ind2=" " tag="752"><subfield code="a">United States</subfield><subfield code="b">Virginia</subfield><subfield code="d">Williamsburg.</subfield></datafield><datafield ind1="1" ind2=" " tag="776"><subfield code="c">Original</subfield><subfield code="w">(DLC)sn 84024741</subfield><subfield code="w">(OCoLC)11078806</subfield></datafield><datafield ind1="0" ind2="0" tag="780"><subfield code="t">Rind's Virginia gazette</subfield><subfield code="w">(OCoLC)22620007</subfield></datafield><datafield ind1="1" ind2=" " tag="029"><subfield code="a">AU@</subfield><subfield code="b">000025356479</subfield></datafield></record>